@article{russell1995modern,
  title={A modern approach},
  author={Russell, Stuart and Norvig, Peter and Intelligence, Artificial},
  journal={Artificial Intelligence. Prentice-Hall, Egnlewood Cliffs},
  volume={25},
  pages={27},
  year={1995}
}

@book{poole2010artificial,
  title={Artificial Intelligence: foundations of computational agents},
  author={Poole, David L and Mackworth, Alan K},
  year={2010},
  publisher={Cambridge University Press}
}

@article{fikes1971strips,
  title={STRIPS: A new approach to the application of theorem proving to problem solving},
  author={Fikes, Richard E and Nilsson, Nils J},
  journal={Artificial intelligence},
  volume={2},
  number={3-4},
  pages={189--208},
  year={1971},
  publisher={Elsevier}
}

@article{green1969theorem,
  title={Theorem proving by resolution as a basis for question-answering systems},
  author={Green, Cordell},
  journal={Machine intelligence},
  volume={4},
  pages={183--205},
  year={1969}
}

@article{pednault1989adl,
  title={ADL: Exploring the Middle Ground Between STRIPS and the Situation Calculus.},
  author={Pednault, Edwin PD},
  journal={Kr},
  volume={89},
  pages={324--332},
  year={1989}
}

@article{mcdermott1998pddl,
  title={PDDL-the planning domain definition language},
  author={McDermott, Drew and Ghallab, Malik and Howe, Adele and Knoblock, Craig and Ram, Ashwin and Veloso, Manuela and Weld, Daniel and Wilkins, David},
  year={1998}
}

@article{blum1997fast,
  title={Fast planning through planning graph analysis},
  author={Blum, Avrim L and Furst, Merrick L},
  journal={Artificial intelligence},
  volume={90},
  number={1},
  pages={281--300},
  year={1997},
  publisher={Elsevier}
}

@inproceedings{hoos1999run,
  title={On the run-time behaviour of stochastic local search algorithms for SAT},
  author={Hoos, Holger H},
  booktitle={AAAI/IAAI},
  pages={661--666},
  year={1999}
}

@inproceedings{bayardo1997using,
  title={Using CSP look-back techniques to solve real-world SAT instances},
  author={Bayardo Jr, Roberto J and Schrag, Robert},
  booktitle={AAAI/IAAI},
  pages={203--208},
  year={1997}
}

@article{hoos1999towards,
  title={Towards a characterisation of the behaviour of stochastic local search algorithms for SAT},
  author={Hoos, Holger H and St{\"u}tzle, Thomas},
  journal={Artificial Intelligence},
  volume={112},
  number={1-2},
  pages={213--232},
  year={1999},
  publisher={Elsevier}
}

@inproceedings{blum1999probabilistic,
  title={Probabilistic planning in the graphplan framework},
  author={Blum, Avrim L and Langford, John C},
  booktitle={European Conference on Planning},
  pages={319--332},
  year={1999},
  organization={Springer}
}

@article{weld1999recent,
  title={Recent advances in {AI} planning},
  author={Weld, Daniel S},
  journal={AI magazine},
  volume={20},
  number={2},
  pages={93},
  year={1999}
}

@inproceedings{koehler1998planning,
  title={Planning under Resource Constraints.},
  author={Koehler, Jana},
  booktitle={ECAI},
  volume={98},
  year={1998}
}

@article{long1999efficient,
  title={Efficient Implementation of the Plan Graph in {STAN}.},
  author={Long, Derek and Fox, Maria},
  journal={J. Artif. Intell. Res.(JAIR)},
  volume={10},
  pages={87--115},
  year={1999}
}

@book{wilkins2014practical,
  title={Practical planning: extending the classical AI planning paradigm},
  author={Wilkins, David E},
  year={2014},
  publisher={Morgan Kaufmann}
}

@inproceedings{robinson2014cost,
  title={Cost-Based Query Optimization via AI Planning.},
  author={Robinson, Nathan and McIlraith, Sheila A and Toman, David and others},
  booktitle={AAAI},
  pages={2344--2351},
  year={2014}
}

@inproceedings{khouadjia2013pareto,
  title={Pareto-Based Multiobjective AI Planning.},
  author={Khouadjia, Mostepha Redouane and Schoenauer, Marc and Vidal, Vincent and Dr{\'e}o, Johann and Sav{\'e}ant, Pierre},
  booktitle={IJCAI},
  pages={2321--2327},
  year={2013}
}